<record><leader>00000cas a2200000 a 4500</leader><controlfield tag="001">35646165</controlfield><controlfield tag="008">960927d18551859miuwr ne      0    0eng c</controlfield><datafield ind1=" " ind2=" " tag="010"><subfield code="a">sn 96077092 </subfield></datafield><datafield ind1=" " ind2=" " tag="040"><subfield code="a">MHN</subfield><subfield code="b">eng</subfield><subfield code="c">MHN</subfield><subfield code="d">OCL</subfield><subfield code="d">MHN</subfield><subfield code="d">OCL</subfield><subfield code="d">OCLCQ</subfield><subfield code="d">OCLCF</subfield><subfield code="d">OCLCO</subfield></datafield><datafield ind1="1" ind2=" " tag="029"><subfield code="a">AU@</subfield><subfield code="b">000012845293</subfield></datafield><datafield ind1=" " ind2=" " tag="042"><subfield code="a">pcc</subfield></datafield><datafield ind1=" " ind2=" " tag="043"><subfield code="a">n-us-mi</subfield></datafield><datafield ind1="0" ind2=" " tag="130"><subfield code="a">Jonesville independent (Jonesville, Mich. : 1855)</subfield></datafield><datafield ind1="1" ind2="4" tag="245"><subfield code="a">The Jonesville independent.</subfield></datafield><datafield ind1=" " ind2=" " tag="260"><subfield code="a">Jonesville, Mich. :</subfield><subfield code="b">A.J. Vandenbergh</subfield></datafield><datafield ind1=" " ind2=" " tag="300"><subfield code="a">v.</subfield></datafield><datafield ind1=" " ind2=" " tag="310"><subfield code="a">Weekly</subfield></datafield><datafield ind1="1" ind2=" " tag="362"><subfield code="a">Began in 1855?</subfield></datafield><datafield ind1="0" ind2=" " tag="362"><subfield code="a">-v. 3, no. 121 (Aug. 26, 1856) ; new ser., v. 1, no. 1 (Sept. 5, 1857)-new ser., v. 2 [i.e. 3], no. 113 (Oct. 29 [i.e. 27], 1859).</subfield></datafield><datafield ind1=" " ind2=" " tag="588"><subfield code="a">Description based on: Vol. 2, no. 85 (Jan. 5, [i.e. 7], 1857).</subfield></datafield><datafield ind1=" " ind2="0" tag="651"><subfield code="a">Jonesville (Mich.)</subfield><subfield code="v">Newspapers.</subfield></datafield><datafield ind1=" " ind2="0" tag="651"><subfield code="a">Hillsdale County (Mich.)</subfield><subfield code="v">Newspapers.</subfield></datafield><datafield ind1=" " ind2="7" tag="655"><subfield code="a">Newspapers.</subfield><subfield code="2">fast</subfield><subfield code="0">(OCoLC)fst01423814</subfield></datafield><datafield ind1=" " ind2="7" tag="651"><subfield code="a">Michigan</subfield><subfield code="z">Hillsdale County.</subfield><subfield code="2">fast</subfield><subfield code="0">(OCoLC)fst01208681</subfield></datafield><datafield ind1=" " ind2="7" tag="651"><subfield code="a">Michigan</subfield><subfield code="z">Jonesville.</subfield><subfield code="2">fast</subfield><subfield code="0">(OCoLC)fst01206227</subfield></datafield><datafield ind1=" " ind2=" " tag="752"><subfield code="a">United States</subfield><subfield code="b">Michigan</subfield><subfield code="c">Hillsdale</subfield><subfield code="d">Jonesville.</subfield></datafield><datafield ind1="0" ind2="0" tag="780"><subfield code="t">Jonesville telegraph</subfield><subfield code="w">(DLC)sn 85026492</subfield><subfield code="w">(OCoLC)12257750</subfield></datafield><datafield ind1="0" ind2="0" tag="785"><subfield code="t">Jonesville weekly independent (Jonesville, Mich. : 1859)</subfield><subfield code="w">(DLC)sn 96077093</subfield><subfield code="w">(OCoLC)35647023</subfield></datafield></record>